@BOOK{Tufte2006,
	author = {Edward R. Tufte},
	title = {Beautiful Evidence},
	year = {2006},
	publisher = {Graphics Press, {LLC}},
	month = {May},
	edition = {First},
	place = {Cheshire, Connecticut},
	isbn = {0-9613921-7-7}
}

@BOOK{Tufte2001,
	author = {Edward R. Tufte},
	title = {The Visual Display of Quantitative Information},
	publisher = {Graphics Press},
	year = {2001},
	address = {Cheshire, Connecticut},
	isbn = {0-9613921-4-2}
}

@BOOK{Tufte1990,
	author = {Edward R. Tufte},
	title = {Envisioning Information},
	publisher = {Graphics Press},
	year = {1990},
	address = {Cheshire, Connecticut},
	isbn = {0-9613921-1-8}
}

@BOOK{Tufte1997,
	author = {Edward R. Tufte},
	title = {Visual Explanations},
	publisher = {Graphics Press},
	year = {1997},
	address = {Cheshire, Connecticut},
	isbn = {0-9613921-2-6}
}

@BOOK{Bringhurst2005,
	author = {Robert Bringhurst},
	title = {The Elements of Typography},
	publisher = {Hartley \& Marks},
	year = {2005},
	edition = {3.1},
	isbn = {0-88179-205-5}
}

@BOOK{Mittelbach2004,
	author = {Frank Mittelbach and Michel Goossens},
	title = {The \LaTeX\ Companion},
	publisher = {Addison--Wesley},
	year = {2004},
	edition = {Second},
	isbn = {0-201-36299-6}
}

@MISC{pkg-geometry,
    author = {Hideo Umeki},
    title = {The \texttt{geometry} package},
    year = {2008},
    month = dec,
    howpublished = {\url{http://ctan.org/pkg/geometry}}
}







@phdthesis{lataniotis2019,
  title={Data-driven uncertainty quantification for high-dimensional engineering problems},
  author={Lataniotis, Christos},
  year={2019},
  school={ETH Zurich}
}
@article{lataniotis2020,
  title={Extending classical surrogate modeling to high dimensions through supervised dimensionality reduction: a data-driven approach},
  author={Lataniotis, Christos and Marelli, Stefano and Sudret, Bruno},
  journal={International Journal for Uncertainty Quantification},
  volume={10},
  number={1},
  year={2020},
  publisher={Begel House Inc.}
}

@article{contreras2018,
  title={Bayesian data analysis to quantify the uncertainty of intact rock strength},
  author={Contreras, Luis Fernando and Brown, Edwin T and Ruest, Marc},
  journal={Journal of Rock Mechanics and Geotechnical Engineering},
  volume={10},
  number={1},
  pages={11--31},
  year={2018},
  publisher={Elsevier}
}

@article{vanderplas2014,
  title={Frequentism and Bayesianism: a practical introduction},
  author={Vanderplas, Jake},
  year={2014}
}

@article{nagel2020,
  title={Principal component analysis and sparse polynomial chaos expansions for global sensitivity analysis and model calibration: Application to urban drainage simulation},
  author={Nagel, Joseph B and Rieckermann, J{\"o}rg and Sudret, Bruno},
  journal={Reliability Engineering \& System Safety},
  volume={195},
  pages={106737},
  year={2020},
  publisher={Elsevier}
}


@article{wagner2020,
  title={Bayesian calibration and sensitivity analysis of heat transfer models for fire insulation panels},
  author={Wagner, P-R and Fahrni, Reto and Klippel, Michael and Frangi, Andrea and Sudret, Bruno},
  journal={Engineering structures},
  volume={205},
  pages={110063},
  year={2020},
  publisher={Elsevier}
}

@article{meles2022,
  title={Bayesian tomography with prior-knowledge-based parametrization and surrogate modelling},
  author={Meles, Giovanni Angelo and Linde, Niklas and Marelli, Stefano},
  journal={Geophysical Journal International},
  volume={231},
  number={1},
  pages={673--691},
  year={2022},
  publisher={Oxford University Press}
}

@article{laloy2013,
  title={Efficient posterior exploration of a high-dimensional groundwater model from two-stage Markov chain Monte Carlo simulation and polynomial chaos expansion},
  author={Laloy, Eric and Rogiers, Bart and Vrugt, Jasper A and Mallants, Dirk and Jacques, Diederik},
  journal={Water Resources Research},
  volume={49},
  number={5},
  pages={2664--2682},
  year={2013},
  publisher={Wiley Online Library}
}

@article{vohra2020,
  title={Fast surrogate modeling using dimensionality reduction in model inputs and field output: Application to additive manufacturing},
  author={Vohra, Manav and Nath, Paromita and Mahadevan, Sankaran and Lee, Yung-Tsun Tina},
  journal={Reliability engineering \& system safety},
  volume={201},
  pages={106986},
  year={2020},
  publisher={Elsevier}
}

@article{kim2024,
  title={Dimensionality reduction can be used as a surrogate model for high-dimensional forward uncertainty quantification},
  author={Kim, Jungho and Yi, Sang-ri and Wang, Ziqi},
  journal={arXiv preprint arXiv:2402.04582},
  year={2024}
}

@article{torre2019,
  title={Data-driven polynomial chaos expansion for machine learning regression},
  author={Torre, Emiliano and Marelli, Stefano and Embrechts, Paul and Sudret, Bruno},
  journal={Journal of Computational Physics},
  volume={388},
  pages={601--623},
  year={2019},
  publisher={Elsevier}
}


@article{hou2022,
  title={Dimensionality Reduction in Surrogate Modeling: A Review of Combined Methods},
  author={Hou, Chun Kit Jeffery and Behdinan, Kamran},
  journal={Data Science and Engineering},
  volume={7},
  number={4},
  pages={402--427},
  year={2022},
  publisher={Springer}
}

@article{xian2023,
  title={A physics and data co-driven surrogate modeling method for high-dimensional rare event simulation},
  author={Xian, Jianhua and Wang, Ziqi},
  journal={arXiv preprint arXiv:2310.00261},
  year={2023}
}

@inproceedings{verleysen2005,
  title={The curse of dimensionality in data mining and time series prediction},
  author={Verleysen, Michel and Fran{\c{c}}ois, Damien},
  booktitle={International work-conference on artificial neural networks},
  pages={758--770},
  year={2005},
  organization={Springer}
}

@article{kneifl2023,
  title={Low-dimensional data-based surrogate model of a continuum-mechanical musculoskeletal system based on non-intrusive model order reduction},
  author={Kneifl, Jonas and Rosin, David and Avci, Okan and R{\"o}hrle, Oliver and Fehr, J{\"o}rg},
  journal={Archive of Applied Mechanics},
  volume={93},
  number={9},
  pages={3637--3663},
  year={2023},
  publisher={Springer}
}

@ARTICLE{Breitenmoser2023,
  title    = "Emulator-based Bayesian inference on non-proportional
              scintillation models by compton-edge probing",
  author   = "Breitenmoser, David and Cerutti, Francesco and Butterweck, Gernot
              and Kasprzak, Malgorzata Magdalena and Mayer, Sabine",  
  journal  = "Nat. Commun.",
  volume   =  14,
  number   =  1,
  pages    = "7790",
  month    =  nov,
  year     =  2023,
  language = "en"
}
@inproceedings{ullah2020,
  title={Exploring dimensionality reduction techniques for efficient surrogate-assisted optimization},
  author={Ullah, Sibghat and Nguyen, Duc Anh and Wang, Hao and Menzel, Stefan and Sendhoff, Bernhard and B{\"a}ck, Thomas},
  booktitle={2020 IEEE Symposium Series on Computational Intelligence (SSCI)},
  pages={2965--2974},
  year={2020},
  organization={IEEE}
}
@phdthesis{wagner2021,
  title={Stochastic Spectral Embedding in Forward and Inverse Uncertainty Quantification},
  author={Wagner, Paul-Remo},
  year={2021},
  school={ETH Zurich}
}


@article{toal2023,
  title={Applications of multi-fidelity multi-output Kriging to engineering design optimization},
  author={Toal, David JJ},
  journal={Structural and Multidisciplinary Optimization},
  volume={66},
  number={6},
  pages={125},
  year={2023},
  publisher={Springer}
}

@article{rai2012,
  title={Simultaneously leveraging output and task structures for multiple-output regression},
  author={Rai, Piyush and Kumar, Abhishek and Daume, Hal},
  journal={Advances in Neural Information Processing Systems},
  volume={25},
  year={2012}
}


@article{van2009,
  title={Dimensionality reduction: a comparative},
  author={Van Der Maaten, Laurens and Postma, Eric and Van den Herik, Jaap and others},
  journal={J Mach Learn Res},
  volume={10},
  number={66-71},
  year={2009}
}

@article{kontolati2022,
  title={A survey of unsupervised learning methods for high-dimensional uncertainty quantification in black-box-type problems},
  author={Kontolati, Katiana and Loukrezis, Dimitrios and Giovanis, Dimitrios G and Vandanapu, Lohit and Shields, Michael D},
  journal={Journal of Computational Physics},
  volume={464},
  pages={111313},
  year={2022},
  publisher={Elsevier}
}

@article{valle1999,
  title={Selection of the number of principal components: the variance of the reconstruction error criterion with a comparison to other methods},
  author={Valle, Sergio and Li, Weihua and Qin, S Joe},
  journal={Industrial \& Engineering Chemistry Research},
  volume={38},
  number={11},
  pages={4389--4401},
  year={1999},
  publisher={ACS Publications}
}

@inproceedings{mnassri2010,
  title={A generalized variance of reconstruction error criterion for determining the optimum number of principal components},
  author={Mnassri, Baligh and Ananou, Bouchra and Ouladsine, Mustapha and others},
  booktitle={18th Mediterranean Conference on Control and Automation, MED'10},
  pages={868--873},
  year={2010},
  organization={IEEE}
}


@article{saccenti2015,
  title={Determining the number of components in principal components analysis: A comparison of statistical, crossvalidation and approximated methods},
  author={Saccenti, Edoardo and Camacho, Jos{\'e}},
  journal={Chemometrics and Intelligent Laboratory Systems},
  volume={149},
  pages={99--116},
  year={2015},
  publisher={Elsevier}
}

@article{qin2000,
  title={Determining the number of principal components for best reconstruction},
  author={Qin, S Joe and Dunia, Ricardo},
  journal={Journal of process control},
  volume={10},
  number={2-3},
  pages={245--250},
  year={2000},
  publisher={Elsevier}
}



%=============================================================================================================








